<record><leader>00000cas a22000007a 4500</leader><controlfield tag="001">19918973</controlfield><controlfield tag="008">890623d19051910nduwr ne      0    0eng d</controlfield><datafield ind1=" " ind2=" " tag="010"><subfield code="a">sn 88076008 </subfield></datafield><datafield ind1=" " ind2=" " tag="040"><subfield code="a">NOP</subfield><subfield code="b">eng</subfield><subfield code="c">NOP</subfield><subfield code="d">OCLCQ</subfield></datafield><datafield ind1=" " ind2=" " tag="042"><subfield code="a">msc</subfield></datafield><datafield ind1="0" ind2="4" tag="245"><subfield code="a">The Steele ozone and the Kidder County Republican.</subfield></datafield><datafield ind1=" " ind2=" " tag="260"><subfield code="a">Steele, N.D. :</subfield><subfield code="b">Wood &amp; Johnson</subfield></datafield><datafield ind1=" " ind2=" " tag="300"><subfield code="a">6 v. :</subfield><subfield code="b">ill. ;</subfield><subfield code="c">54 cm.</subfield></datafield><datafield ind1=" " ind2=" " tag="310"><subfield code="a">Weekly</subfield></datafield><datafield ind1="0" ind2=" " tag="362"><subfield code="a">Vol. 20, no. 52 (July 27, 1905)-v. 25, no. 25 (Jan. 13, 1910).</subfield></datafield><datafield ind1=" " ind2=" " tag="530"><subfield code="a">Available on microfilm from the State Historical Society of North Dakota.</subfield></datafield><datafield ind1=" " ind2=" " tag="752"><subfield code="a">United States</subfield><subfield code="b">North Dakota</subfield><subfield code="c">Kidder</subfield><subfield code="d">Steele.</subfield></datafield><datafield ind1="0" ind2="4" tag="780"><subfield code="t">Kidder County Republican (Steele, N.D. : 1904)</subfield><subfield code="w">(DLC)sn 88076172</subfield></datafield><datafield ind1="0" ind2="4" tag="780"><subfield code="t">Steele ozone (Steele, N.D. : 1885)</subfield><subfield code="w">(DLC)sn 88076007</subfield></datafield><datafield ind1="0" ind2="5" tag="780"><subfield code="t">Kidder County news</subfield><subfield code="w">(DLC)sn 88076012</subfield></datafield><datafield ind1="0" ind2="5" tag="780"><subfield code="t">Kidder County herald</subfield></datafield><datafield ind1="0" ind2="0" tag="785"><subfield code="t">Steele ozone (Steele, N.D. : 1910)</subfield><subfield code="w">(DLC)sn 88076009</subfield></datafield></record>